@article{stoltzfus2011logistic,
  title={Logistic regression: a brief primer},
  author={Stoltzfus, Jill C},
  journal={Academic emergency medicine},
  volume={18},
  number={10},
  pages={1099--1104},
  year={2011},
  publisher={Wiley Online Library}
}
@article{khomh2012exploratory,
  title={An exploratory study of the impact of antipatterns on class change-and fault-proneness},
  author={Khomh, Foutse and Penta, Massimiliano Di and Gu{\'e}h{\'e}neuc, Yann-Ga{\"e}l and Antoniol, Giuliano},
  journal={Empirical Software Engineering},
  volume={17},
  pages={243--275},
  year={2012},
  publisher={Springer}
}
@article{kermansaravi2021investigating,
  title={Investigating design anti-pattern and design pattern mutations and their change-and fault-proneness},
  author={Kermansaravi, Zeinab Azadeh and Rahman, Md Saidur and Khomh, Foutse and Jaafar, Fehmi and Gu{\'e}h{\'e}neuc, Yann-Ga{\"e}l},
  journal={Empirical Software Engineering},
  volume={26},
  pages={1--47},
  year={2021},
  publisher={Springer}
}
@inproceedings{cui2010code,
  title={Code comparison system based on abstract syntax tree},
  author={Cui, Baojiang and Li, Jiansong and Guo, Tao and Wang, Jianxin and Ma, Ding},
  booktitle={2010 3rd IEEE International Conference on Broadband Network and Multimedia Technology (IC-BNMT)},
  pages={668--673},
  year={2010},
  organization={IEEE}
}
@article{bille2005survey,
  title={A survey on tree edit distance and related problems},
  author={Bille, Philip},
  journal={Theoretical computer science},
  volume={337},
  number={1-3},
  pages={217--239},
  year={2005},
  publisher={Elsevier}
}
@article{bland2000odds,
  title={The odds ratio},
  author={Bland, J Martin and Altman, Douglas G},
  journal={Bmj},
  volume={320},
  number={7247},
  pages={1468},
  year={2000},
  publisher={British Medical Journal Publishing Group}
}
@inproceedings{ongaro2014search,
  title={In search of an understandable consensus algorithm},
  author={Ongaro, Diego and Ousterhout, John},
  booktitle={2014 USENIX annual technical conference (USENIX ATC 14)},
  pages={305--319},
  year={2014}
}
@article{malhotra2013investigation,
  title={Investigation of relationship between object-oriented metrics and change proneness},
  author={Malhotra, Ruchika and Khanna, Megha},
  journal={International Journal of Machine Learning and Cybernetics},
  volume={4},
  pages={273--286},
  year={2013},
  publisher={Springer}
}
@article{pai2007empirical,
  title={Empirical analysis of software fault content and fault proneness using Bayesian methods},
  author={Pai, Ganesh J and Dugan, Joanne Bechta},
  journal={IEEE Transactions on software Engineering},
  volume={33},
  number={10},
  pages={675--686},
  year={2007},
  publisher={IEEE}
}
@inproceedings{evans2020rust,
  title={Is rust used safely by software developers?},
  author={Evans, Ana Nora and Campbell, Bradford and Soffa, Mary Lou},
  booktitle={Proceedings of the ACM/IEEE 42nd International Conference on Software Engineering},
  pages={246--257},
  year={2020}
}
@article{astrauskas2020programmers,
  title={How do programmers use unsafe rust?},
  author={Astrauskas, Vytautas and Matheja, Christoph and Poli, Federico and M{\"u}ller, Peter and Summers, Alexander J},
  journal={Proceedings of the ACM on Programming Languages},
  volume={4},
  number={OOPSLA},
  pages={1--27},
  year={2020},
  publisher={ACM New York, NY, USA}
}
@inproceedings{linares2013api,
  title={Api change and fault proneness: A threat to the success of android apps},
  author={Linares-V{\'a}squez, Mario and Bavota, Gabriele and Bernal-C{\'a}rdenas, Carlos and Di Penta, Massimiliano and Oliveto, Rocco and Poshyvanyk, Denys},
  booktitle={Proceedings of the 2013 9th joint meeting on foundations of software engineering},
  pages={477--487},
  year={2013}
}
@inproceedings{pinho2019towards,
  title={Towards rust for critical systems},
  author={Pinho, Andr{\'e} and Couto, Luis and Oliveira, Jos{\'e}},
  booktitle={2019 IEEE International Symposium on Software Reliability Engineering Workshops (ISSREW)},
  pages={19--24},
  year={2019},
  organization={IEEE}
}
@article{posnett2011empirical,
  title={An empirical study on the influence of pattern roles on change-proneness},
  author={Posnett, Daryl and Bird, Christian and D{\'e}vanbu, Prem},
  journal={Empirical Software Engineering},
  volume={16},
  pages={396--423},
  year={2011},
  publisher={Springer}
}
@book{kleinbaum2002logistic,
  title={Logistic regression},
  author={Kleinbaum, David G and Dietz, K and Gail, M and Klein, Mitchel and Klein, Mitchell},
  year={2002},
  publisher={Springer}
}
@article{lavalley2008logistic,
  title={Logistic regression},
  author={LaValley, Michael P},
  journal={Circulation},
  volume={117},
  number={18},
  pages={2395--2399},
  year={2008},
  publisher={Am Heart Assoc}
}
@article{mchugh2009odds,
  title={The odds ratio: calculation, usage, and interpretation},
  author={McHugh, Mary L},
  journal={Biochemia medica},
  volume={19},
  number={2},
  pages={120--126},
  year={2009},
  publisher={Medicinska naklada}
}
@inproceedings{
denaro2002deriving,
  title={Deriving models of software fault-proneness},
  author={Denaro, Giovanni and Morasca, Sandro and Pezze, Mauro},
  booktitle={Proceedings of the 14th international conference on Software engineering and knowledge engineering},
  pages={361--368},
  year={2002}
}
@inproceedings{arisholm2007data,
  title={Data mining techniques for building fault-proneness models in telecom java software},
  author={Arisholm, Erik and Briand, Lionel C and Fuglerud, Magnus},
  booktitle={The 18th IEEE International Symposium on Software Reliability (ISSRE'07)},
  pages={215--224},
  year={2007},
  organization={IEEE}
}
@inproceedings{singh2009software,
  title={Software fault proneness prediction using support vector machines},
  author={Singh, Yogesh and Kaur, Arvinder and Malhotra, Ruchika},
  booktitle={Proceedings of the world congress on engineering},
  volume={1},
  pages={1--3},
  year={2009}
}
@article{pawlik2011rted,
  title={RTED: a robust algorithm for the tree edit distance},
  author={Pawlik, Mateusz and Augsten, Nikolaus},
  journal={arXiv preprint arXiv:1201.0230},
  year={2011}
}
@article{sperandei2014understanding,
  title={Understanding logistic regression analysis},
  author={Sperandei, Sandro},
  journal={Biochemia medica},
  volume={24},
  number={1},
  pages={12--18},
  year={2014},
  publisher={Medicinska naklada}
}
@inproceedings{demaine2007optimal,
  title={An optimal decomposition algorithm for tree edit distance},
  author={Demaine, Erik D and Mozes, Shay and Rossman, Benjamin and Weimann, Oren},
  booktitle={International Colloquium on Automata, Languages, and Programming},
  pages={146--157},
  year={2007},
  organization={Springer}
}
@inproceedings{jaafar2014anti,
  title={Anti-pattern mutations and fault-proneness},
  author={Jaafar, Fehmi and Khomh, Foutse and Gu{\'e}h{\'e}neuc, Yann-Ga{\"e}l and Zulkernine, Mohammad},
  booktitle={2014 14th International Conference on Quality Software},
  pages={246--255},
  year={2014},
  organization={IEEE}
}
@inproceedings{yu2002predicting,
  title={Predicting fault-proneness using OO metrics. An industrial case study},
  author={Yu, Ping and Systa, Tarja and Muller, Hausi},
  booktitle={Proceedings of the sixth european conference on software maintenance and reengineering},
  pages={99--107},
  year={2002},
  organization={IEEE}
}
@inproceedings{bae2021rudra,
  title={Rudra: Finding memory safety bugs in rust at the ecosystem scale},
  author={Bae, Yechan and Kim, Youngsuk and Askar, Ammar and Lim, Jungwon and Kim, Taesoo},
  booktitle={Proceedings of the ACM SIGOPS 28th Symposium on Operating Systems Principles},
  pages={84--99},
  year={2021}
}
@inproceedings{zhu2022learning,
  title={Learning and programming challenges of rust: A mixed-methods study},
  author={Zhu, Shuofei and Zhang, Ziyi and Qin, Boqin and Xiong, Aiping and Song, Linhai},
  booktitle={Proceedings of the 44th International Conference on Software Engineering},
  pages={1269--1281},
  year={2022}
}
@inproceedings{zhang2022towards,
  title={Towards understanding the runtime performance of rust},
  author={Zhang, Yuchen and Zhang, Yunhang and Portokalidis, Georgios and Xu, Jun},
  booktitle={Proceedings of the 37th IEEE/ACM International Conference on Automated Software Engineering},
  pages={1--6},
  year={2022}
}
@article{ardito2020rust,
  title={rust-code-analysis: A rust library to analyze and extract maintainability information from source codes},
  author={Ardito, Luca and Barbato, Luca and Castelluccio, Marco and Coppola, Riccardo and Denizet, Calixte and Ledru, Sylvestre and Valsesia, Michele},
  journal={SoftwareX},
  volume={12},
  pages={100635},
  year={2020},
  publisher={Elsevier}
}
@article{andrade2019p,
  title={The P value and statistical significance: misunderstandings, explanations, challenges, and alternatives},
  author={Andrade, Chittaranjan},
  journal={Indian journal of psychological medicine},
  volume={41},
  number={3},
  pages={210--215},
  year={2019},
  publisher={SAGE Publications Sage India: New Delhi, India}
}
@incollection{ma2007statistical,
  title={A statistical framework for the prediction of fault-proneness},
  author={Ma, Yan and Guo, Lan and Cukic, Bojan},
  booktitle={Advances in Machine Learning Applications in Software Engineering},
  pages={237--263},
  year={2007},
  publisher={IGI Global}
}
@inproceedings{kumar2019software,
  title={Software fault proneness prediction using genetic based machine learning techniques},
  author={Kumar, Amod and Bansal, Ashwni},
  booktitle={2019 4th International Conference on Internet of Things: Smart Innovation and Usages (IoT-SIU)},
  pages={1--5},
  year={2019},
  organization={IEEE}
}
